
@INPROCEEDINGS{latex1e,
  author={F. Fessahaye et al.},
  booktitle={2019 IEEE International Conference on Consumer Electronics (ICCE), Las Vegas, NV, USA,}, 
  title={T-RECSYS: A Novel Music Recommendation System Using Deep Learning}, 
  year={2019},
  volume={},
  number={},
  pages={1-6},
  doi={10.1109/ICCE.2019.8662028}}

@article{latex2e,
Author = {Yixiao Cao and Peng Liu},
ISSN = {1024123X},
Journal = {Mathematical Problems in Engineering},
Keywords = {MATRIX decomposition, MULTIPLE Signal Classification, ALGORITHMS, GENES, GENETIC algorithms},
Pages = {1 - 8},
Title = {Personalized Music Hybrid Recommendation Algorithms Fusing Gene Features.},
Year = {2022},
}

@INPROCEEDINGS{latex3e,
  author={Darshna Parmar},
  booktitle={2018 2nd International Conference on Inventive Systems and Control (ICISC)}, 
  title={Music recommendation based on content and collaborative approach \& reducing cold start problem}, 
  year={2018},
  volume={},
  number={},
  pages={1033-1037},
  doi={10.1109/ICISC.2018.8398959}}

@inproceedings{latex4e,
author = {J. T. Anthony and G. E. Christian and V. Evanlim and H. Lucky and D. Suhartono
},
year = {2022},
month = {06},
pages = {1-4},
title = {The Utilization of Content Based Filtering for Spotify Music Recommendation},
booktitle = {International Conference on Informatics Electrical and Electronics (ICIEE), Yogyakarta, Indonesia, 2022},
isbn = {978-3-319-61577-6},
doi = {10.1109/ICIEE55596.2022.10010097}
}

@article{latex5e,
  title={Density-Based Clustering in Spatial Databases: The Algorithm GDBSCAN and Its Applications},
  author={J{\"o}rg Sander and Martin Ester and Hans-Peter Kriegel and Xiaowei Xu},
  journal={Data Mining and Knowledge Discovery},
  year={1998},
  volume={2},
  pages={169-194},
  url={https://api.semanticscholar.org/CorpusID:445002}
}

@inbook{latex6e,
author = {Makarand Velankar and Amod Deshpande and Parag Kulkarni},
year = {2020},
month = {04},
pages = {43-64},
title = {3 Application of Machine Learning in Music Analytics},
booktitle = {Machine Learning Applications},
publisher = {De Gruyter},
isbn = {9783110610987},
doi = {10.1515/9783110610987-005}
}

@article{latex7e,
author = {Laurens van der Maaten and Geoffrey Hinton},
year = {2008},
month = {11},
pages = {2579-2605},
title = {Viualizing data using t-SNE},
volume = {9},
journal = {Journal of Machine Learning Research}
}

@InProceedings{latex8e,
author="Hassan I. Abdalla",
editor="Qian, Zhihong
and Jabbar, M.A.
and Li, Xiaolong",
title="A Brief Comparison of K-means and Agglomerative Hierarchical Clustering Algorithms on Small Datasets",
booktitle="Proceeding of 2021 International Conference on Wireless Communications, Networking and Applications",
year="2022",
publisher="Springer Nature Singapore",
address="Singapore",
pages="623--632",
isbn="978-981-19-2456-9"
}

@inproceedings{latex9e,
author = {J{\"o}rg Sander and Martin Ester and Hans-Peter Kriegel and Xiaowei Xu},
title = {A Density-Based Algorithm for Discovering Clusters in Large Spatial Databases with Noise},
booktitle = {KDD'96: Proceedings of the Second International Conference on Knowledge Discovery and Data Mining},
year = {1996},
publisher = {AAAI Press},
location = {Portland, Oregon},
series = {KDD'96}
}
